@proceedings{.2009,
 year = {2009},
 title = {Advances in neural information processing systems}
}


@book{.2009b,
 year = {2009},
 title = {Machine Learning and Knowledge Discovery in Databases},
 publisher = {Springer}
}


@proceedings{.2009c,
 year = {2009},
 title = {Workshop on Applications for Topic Models, NIPS}
}


@proceedings{.2010,
 year = {2010},
 title = {NIPS Workshop on Challenges of Data Visualization}
}


@proceedings{.2012,
 year = {2012},
 title = {ICWSM}
}


@proceedings{.2012b,
 year = {2012},
 title = {Proceedings of the 29th International Conference on Machine Learning (ICML-12)}
}


@proceedings{.2013,
 year = {2013},
 title = {HLT-NAACL}
}


@proceedings{.2013b,
 year = {2013},
 title = {NIPS Workshop on Topic Models: Computation, Application, and Evaluation}
}


@proceedings{.2014,
 year = {2014},
 title = {Proceedings of the workshop on interactive language learning, visualization, and interfaces}
}


@proceedings{.2014b,
 year = {2014},
 title = {EACL}
}


@proceedings{.2015,
 year = {2015},
 title = {AAAI}
}


@proceedings{ACM.1999,
 year = {1999},
 title = {Proceedings of the 22nd annual international ACM SIGIR conference on Research and development in information retrieval},
 institution = {ACM}
}


@proceedings{ACM.2008,
 year = {2008},
 title = {Proceedings of the 14th ACM SIGKDD international conference on Knowledge discovery and data mining},
 institution = {ACM}
}


@proceedings{ACM.2012,
 year = {2012},
 title = {Proceedings of the International Working Conference on Advanced Visual Interfaces},
 institution = {ACM}
}


@incollection{AlSumait.2009,
 author = {AlSumait, Loulwah and Barbar{\'a}, Daniel and Gentle, James and Domeniconi, Carlotta},
 title = {Topic significance ranking of LDA generative models},
 pages = {67--82},
 publisher = {Springer},
 booktitle = {Machine Learning and Knowledge Discovery in Databases},
 year = {2009}
}


@proceedings{AssociationforComputationalLinguistics.2010,
 year = {2010},
 title = {Human Language Technologies: The 2010 Annual Conference of the North American Chapter of the Association for Computational Linguistics},
 institution = {{Association for Computational Linguistics}}
}


@proceedings{AssociationforComputationalLinguistics.2011,
 year = {2011},
 title = {Proceedings of the 49th Annual Meeting of the Association for Computational Linguistics: Human Language Technologies-Volume 1},
 institution = {{Association for Computational Linguistics}}
}


@proceedings{AssociationforComputationalLinguistics.2011b,
 year = {2011},
 title = {Proceedings of the Conference on Empirical Methods in Natural Language Processing},
 institution = {{Association for Computational Linguistics}}
}


@inproceedings{Bischof.2012,
 author = {Bischof, Jonathan and Airoldi, Edoardo M.},
 title = {Summarizing topical content with word frequency and exclusivity},
 pages = {201--208},
 booktitle = {Proceedings of the 29th International Conference on Machine Learning (ICML-12)},
 year = {2012}
}


@article{Blei.2003,
 author = {Blei, David M. and Ng, Andrew Y. and Jordan, Michael I.},
 year = {2003},
 title = {Latent dirichlet allocation},
 pages = {993--1022},
 volume = {3},
 journal = {the Journal of machine Learning research}
}


@article{Blei.2009,
 author = {Blei, David M. and Lafferty, John D.},
 year = {2009},
 title = {Visualizing topics with multi-word expressions},
 journal = {arXiv preprint arXiv:0907.1013}
}


@article{Blei.2012,
 author = {Blei, David M.},
 year = {2012},
 title = {Probabilistic topic models},
 pages = {77--84},
 volume = {55},
 number = {4},
 journal = {Communications of the ACM}
}


@article{Cao.2010,
 author = {Cao, Nan and Sun, Jimeng and Lin, Yu-Ru and Gotz, David and Liu, Shixia and Qu, Huamin},
 year = {2010},
 title = {Facetatlas: Multifaceted visualization for rich text corpora},
 pages = {1172--1181},
 volume = {16},
 number = {6},
 journal = {Visualization and Computer Graphics, IEEE Transactions on}
}


@inproceedings{Chaney.2012,
 author = {Chaney, Allison June-Barlow and Blei, David M.},
 title = {Visualizing Topic Models},
 booktitle = {ICWSM},
 year = {2012}
}


@inproceedings{Chang.2009,
 author = {Chang, Jonathan and Gerrish, Sean and Wang, Chong and Boyd-Graber, Jordan L. and Blei, David M.},
 title = {Reading tea leaves: How humans interpret topic models},
 pages = {288--296},
 booktitle = {Advances in neural information processing systems},
 year = {2009}
}


@article{Chen.2009,
 author = {Chen, Yanhua and Wang, Lijun and Dong, Ming and Hua, Jing},
 year = {2009},
 title = {Exemplar-based visualization of large document corpus (infovis2009-1115)},
 pages = {1161--1168},
 volume = {15},
 number = {6},
 journal = {Visualization and Computer Graphics, IEEE Transactions on}
}


@inproceedings{Chuang.2012,
 author = {Chuang, Jason and Manning, Christopher D. and Heer, Jeffrey},
 title = {Termite: Visualization techniques for assessing textual topic models},
 pages = {74--77},
 booktitle = {Proceedings of the International Working Conference on Advanced Visual Interfaces},
 year = {2012}
}


@inproceedings{Chuang.2013,
 author = {Chuang, Jason and Hu, Yuening and Jin, Ashley and Wilkerson, John D. and McFarland, Daniel A. and Manning, Christopher D. and Heer, Jeffrey},
 title = {Document exploration with topic modeling: Designing interactive visualizations to support effective analysis workflows},
 booktitle = {NIPS Workshop on Topic Models: Computation, Application, and Evaluation},
 year = {2013}
}


@inproceedings{Collins.2009,
 author = {Collins, Christopher and Carpendale, Sheelagh and Penn, Gerald},
 title = {Docuburst: Visualizing document content using language structure},
 pages = {1039--1046},
 volume = {28},
 booktitle = {Computer graphics forum},
 year = {2009}
}


@inproceedings{DanielRamage.2009,
 author = {{Daniel Ramage} and {Evan Rosen} and {Jason Chuang} and {Christopher D. Manning} and {Daniel A. McFarland}},
 title = {Topic Modeling for the Social Sciences},
 url = {http://idl.cs.washington.edu/papers/topic-modeling-social-sciences},
 booktitle = {Workshop on Applications for Topic Models, NIPS},
 year = {2009}
}


@article{Deerwester.1990,
 author = {Deerwester, Scott and Dumais, Susan T. and Furnas, George W. and Landauer, Thomas K. and Harshman, Richard},
 year = {1990},
 title = {Indexing by latent semantic analysis},
 pages = {391},
 volume = {41},
 number = {6},
 journal = {Journal of the American society for information science}
}


@article{Dumais.2004,
 author = {Dumais, Susan T.},
 year = {2004},
 title = {Latent semantic analysis},
 pages = {188--230},
 volume = {38},
 number = {1},
 journal = {Annual review of information science and technology}
}


@inproceedings{Gardner.2010,
 author = {Gardner, Matthew J. and Lutes, Joshua and Lund, Jeff and Hansen, Josh and Walker, Dan and Ringger, Eric and Seppi, Kevin},
 title = {The topic browser: An interactive tool for browsing topic models},
 volume = {2},
 booktitle = {NIPS Workshop on Challenges of Data Visualization},
 year = {2010}
}


@article{Gretarsson.2012,
 author = {Gretarsson, Brynjar and O'donovan, John and Bostandjiev, Svetlin and H{\"o}llerer, Tobias and Asuncion, Arthur and Newman, David and Smyth, Padhraic},
 year = {2012},
 title = {Topicnets: Visual analysis of large text corpora with topic modeling},
 pages = {23},
 volume = {3},
 number = {2},
 journal = {ACM Transactions on Intelligent Systems and Technology (TIST)}
}


@inproceedings{Havre.2000,
 author = {Havre, Susan and Hetzler, Beth and Nowell, Lucy},
 title = {ThemeRiver: Visualizing theme changes over time},
 pages = {115--123},
 booktitle = {Information Visualization, 2000. InfoVis 2000. IEEE Symposium on},
 year = {2000}
}


@inproceedings{Hofmann.1999,
 author = {Hofmann, Thomas},
 title = {Probabilistic latent semantic indexing},
 pages = {50--57},
 booktitle = {Proceedings of the 22nd annual international ACM SIGIR conference on Research and development in information retrieval},
 year = {1999}
}


@proceedings{IEEE.2000,
 year = {2000},
 title = {Information Visualization, 2000. InfoVis 2000. IEEE Symposium on},
 institution = {IEEE}
}


@inproceedings{Iwata.2008,
 author = {Iwata, Tomoharu and Yamada, Takeshi and Ueda, Naonori},
 title = {Probabilistic latent semantic visualization: topic model for visualizing documents},
 pages = {363--371},
 booktitle = {Proceedings of the 14th ACM SIGKDD international conference on Knowledge discovery and data mining},
 year = {2008}
}


@article{Karthikeyan.,
 author = {Karthikeyan, Divya and Venkitasubramanian, Vaidyanath},
 title = {Text Visualization for Topic Modeling}
}


@inproceedings{Lau.2011,
 author = {Lau, Jey Han and Grieser, Karl and Newman, David and Baldwin, Timothy},
 title = {Automatic labelling of topic models},
 pages = {1536--1545},
 booktitle = {Proceedings of the 49th Annual Meeting of the Association for Computational Linguistics: Human Language Technologies-Volume 1},
 year = {2011}
}


@inproceedings{Lau.2014,
 author = {Lau, Jey Han and Newman, David and Baldwin, Timothy},
 title = {Machine Reading Tea Leaves: Automatically Evaluating Topic Coherence and Topic Model Quality},
 pages = {530--539},
 booktitle = {EACL},
 year = {2014}
}


@book{Manning.2008,
 abstract = {{\dq}Class-tested and coherent, this textbook teaches classical and web information retrieval, including web search and the related areas of text classification and text clustering from basic concepts. It gives an up-to-date treatment of all aspects of the design and implementation of systems for gathering, indexing, and searching documents; methods for evaluating systems; and an introduction to the use of machine learning methods on text collections. All the important ideas are explained using examples and figures, making it perfect for introductory courses in information retrieval for advanced undergraduates and graduate students in computer science. Based on feedback from extensive classroom experience, the book has been carefully structured in order to make teaching more natural and effective. Slides and additional exercises (with solutions for lecturers) are also available through the book's supporting website to help course instructors prepare their lectures.{\dq}--Publisher's description.},
 author = {Manning, Christopher D. and Raghavan, Prabhakar and Sch{\"u}tze, Hinrich},
 year = {2008},
 title = {Introduction to information retrieval},
 address = {New York},
 publisher = {Cambridge University Press},
 isbn = {0521865719}
}


@inproceedings{Mimno.2011,
 author = {Mimno, David and Wallach, Hanna M. and Talley, Edmund and Leenders, Miriam and McCallum, Andrew},
 title = {Optimizing semantic coherence in topic models},
 pages = {262--272},
 booktitle = {Proceedings of the Conference on Empirical Methods in Natural Language Processing},
 year = {2011}
}


@inproceedings{Murdock.2015,
 author = {Murdock, Jaimie and Allen, Colin},
 title = {Visualization Techniques for Topic Model Checking},
 pages = {4284--4285},
 booktitle = {AAAI},
 year = {2015}
}


@article{Newman.2010,
 author = {Newman, David and Baldwin, Timothy and Cavedon, Lawrence and Huang, Eric and Karimi, Sarvnaz and Martinez, David and Scholer, Falk and Zobel, Justin},
 year = {2010},
 title = {Visualizing search results and document collections using topic maps},
 pages = {169--175},
 volume = {8},
 number = {2},
 journal = {Web Semantics: Science, Services and Agents on the World Wide Web}
}


@inproceedings{Newman.2010b,
 author = {Newman, David and Lau, Jey Han and Grieser, Karl and Baldwin, Timothy},
 title = {Automatic evaluation of topic coherence},
 pages = {100--108},
 booktitle = {Human Language Technologies: The 2010 Annual Conference of the North American Chapter of the Association for Computational Linguistics},
 year = {2010}
}


@article{Ramage.2010,
 author = {Ramage, Daniel and Dumais, Susan T. and Liebling, Daniel J.},
 year = {2010},
 title = {Characterizing Microblogs with Topic Models},
 pages = {1},
 volume = {10},
 journal = {ICWSM}
}


@inproceedings{Sievert.2014,
 author = {Sievert, Carson and Shirley, Kenneth E.},
 title = {LDAvis: A method for visualizing and interpreting topics},
 pages = {63--70},
 booktitle = {Proceedings of the workshop on interactive language learning, visualization, and interfaces},
 year = {2014}
}


@inproceedings{Snyder.2013,
 author = {Snyder, Justin and Knowles, Rebecca and Dredze, Mark and Gormley, Matthew R. and Wolfe, Travis},
 title = {Topic Models and Metadata for Visualizing Text Corpora},
 pages = {5--9},
 booktitle = {HLT-NAACL},
 year = {2013}
}


@article{Stasko.2008,
 author = {Stasko, John and G{\"o}rg, Carsten and Liu, Zhicheng},
 year = {2008},
 title = {Jigsaw: supporting investigative analysis through interactive visualization},
 pages = {118--132},
 volume = {7},
 number = {2},
 journal = {Information visualization}
}


@article{Steyvers.2007,
 author = {Steyvers, Mark and Griffiths, Tom},
 year = {2007},
 title = {Probabilistic topic models},
 pages = {424--440},
 volume = {427},
 number = {7},
 journal = {Handbook of latent semantic analysis}
}


@book{Weber.2013,
 abstract = {Infografik, interaktiv - allein diese beiden Begriffe f{\"u}llen B{\"u}cher! Interaktive Infografik: Zu dieser Kombination wurde bis jetzt wenig publiziert. Diese L{\"u}cke will der vorliegende Band schlie{\ss}en. Er f{\"u}hrt ein in Theorie, Design und Rezeption von interaktiven Infografiken. Die Autorinnen und Autoren betrachten die interaktive Infografik aus theoretischer und praktischer Perspektive: Sie erforschen die interaktive Infografik als Diagramm, als Karte, als Comic, als hybride Form, beschreiben Typen und Muster und vergleichen westliche mit fern{\"o}stlichen Designvarianten. Sie stellen die interaktive Infografik in den Kontext von Lernen und Wissenserwerb, diskutieren Evaluationsmethoden, analysieren Rezeptions- und Nutzungsprobleme und leiten daraus Gestaltungsempfehlungen ab. Fallbeispiele und Expertentipps erg{\"a}nzen die Beitr{\"a}ge und erh{\"o}hen den praktischen Nutzen des Werks.},
 author = {Weber, Wibke},
 year = {2013},
 title = {Interaktive Infografiken},
 address = {Berlin},
 publisher = {Springer Vieweg},
 isbn = {978-3-642-15453-9},
 series = {X.media.press}
}


@proceedings{WileyOnlineLibrary.2009,
 year = {2009},
 title = {Computer graphics forum},
 institution = {{Wiley Online Library}}
}


